<?xml version="1.0" encoding="UTF-8" ?>
<record Numero="14014338" format="InterXMarc_Complet" type="Authority">
<leader>00434c0 au22000272  45  <Pos Code="0004">00434</Pos>
<Pos Code="05" Sens="notice modifiée">c</Pos>
<Pos Code="06" Sens="notice validée par les services d&apos;autorité">0</Pos>
<Pos Code="08" Sens="notice d&apos;autorité">a</Pos>
<Pos Code="09" Sens="titre uniforme musical (TUM)">u</Pos>
<Pos Code="10">2</Pos>
<Pos Code="11">2</Pos>
<Pos Code="1216">00027</Pos>
<Pos Code="17" Sens="autres cas">2</Pos>
<Pos Code="20">4</Pos>
<Pos Code="21">5</Pos>
</leader>
<controlfield tag="001">FRBNF140143384<Pos Code="0001">FR</Pos>
<Pos Code="0204">BNF</Pos>
<Pos Code="0512">14014338</Pos>
<Pos Code="13">4</Pos>
</controlfield>
<controlfield tag="008">981006060317yy... qua       1991                             1   <Pos Code="0001">98</Pos>
<Pos Code="0203">10</Pos>
<Pos Code="0405">06</Pos>
<Pos Code="0607">06</Pos>
<Pos Code="0809">03</Pos>
<Pos Code="1011">17</Pos>
<Pos Code="1213" Sens="ne s&apos;applique pas">yy</Pos>
<Pos Code="1416" Sens="non renseigné">...</Pos>
<Pos Code="1820" Sens="quatuor instrumental">qua</Pos>
<Pos Code="2831">1991</Pos>
<Pos Code="61" Sens="La vedette peut être liée à une notice bibliographique sauf pour l&apos;accès matière RAMEAU">1</Pos>
</controlfield>
<datafield tag="048" ind1=" " ind2=" ">
	<subfield code="a">ka01<Pos Code="0001" Sens="clavier - piano">ka</Pos>
<Pos Code="02">0</Pos>
<Pos Code="03">1</Pos>
</subfield>
	<subfield code="a">wc01<Pos Code="0001" Sens="instruments à vent - clarinette">wc</Pos>
<Pos Code="02">0</Pos>
<Pos Code="03">1</Pos>
</subfield>
	<subfield code="a">sa01<Pos Code="0001" Sens="cordes frottées - violon">sa</Pos>
<Pos Code="02">0</Pos>
<Pos Code="03">1</Pos>
</subfield>
	<subfield code="a">sc01<Pos Code="0001" Sens="cordes frottées - violoncelle">sc</Pos>
<Pos Code="02">0</Pos>
<Pos Code="03">1</Pos>
</subfield>
</datafield>
<datafield tag="100" ind1=" " ind2=" ">
	<subfield code="3">14850443</subfield>
	<subfield code="w"> 0  b     </subfield>
	<subfield code="a">Adès</subfield>
	<subfield code="m">Thomas</subfield>
	<subfield code="d">1971-....</subfield>
</datafield>
<datafield tag="144" ind1="1" ind2=" ">
	<subfield code="w">....b.eng.</subfield>
	<subfield code="a">Catch</subfield>
	<subfield code="p">Op. 4</subfield>
</datafield>
<datafield tag="600" ind1=" " ind2=" ">
	<subfield code="a">Date de composition : 1991</subfield>
</datafield>
<datafield tag="610" ind1=" " ind2=" ">
	<subfield code="a">Grove 7</subfield>
</datafield>
<datafield tag="610" ind1=" " ind2=" ">
	<subfield code="a">Life story [Enregistrement sonore] / Thomas Adès, comp. Emi classics 5696992</subfield>
</datafield>
<datafield tag="611" ind1=" " ind2=" ">
	<subfield code="a">SDC 12 105245</subfield>
</datafield>
<datafield tag="917" ind1=" " ind2=" ">
	<subfield code="o">OPD</subfield>
	<subfield code="a">100811100</subfield>
	<subfield code="b">ATUM</subfield>
</datafield>
<datafield tag="917" ind1=" " ind2=" ">
	<subfield code="o">OPC</subfield>
	<subfield code="a">101540850</subfield>
</datafield>
<Attr Nom="IDPerenne">ark:/12148/cb14014338d</Attr>
<Attr Nom="NumSource">OPD 100811100</Attr>
<Attr Nom="Source" Sens="BnF catalogue général (depuis 1999)">A</Attr>
<Attr Nom="NumAutoriteLiee">14850443</Attr>
<Attr Nom="DateCreation">06/10/ 1998</Attr>
<Attr Nom="ResponsableCreation">MIGV2</Attr>
<Attr Nom="StructCreation">1</Attr>
<Attr Nom="DateDerniereValidation">08/11/ 2010</Attr>
<Attr Nom="ResponsableDerniereValidation">MIGV4</Attr>
<Attr Nom="StructPremiereValidation">1</Attr>
<Attr Nom="DatePremiereValidation">06/10/ 1998</Attr>
<Attr Nom="ResponsablePremiereValidation">MIGV2</Attr>
<Attr Nom="StructDerniereValidation">1</Attr>
<Attr Nom="NumSource" Rep="1">OPC 101540850</Attr>
</record>
